%YAML 1.1
%TAG !u! tag:unity3d.com,2011:
--- !u!1 &2998660566053186538
GameObject:
  m_ObjectHideFlags: 0
  m_CorrespondingSourceObject: {fileID: 0}
  m_PrefabInstance: {fileID: 0}
  m_PrefabAsset: {fileID: 0}
  serializedVersion: 6
  m_Component:
  - component: {fileID: 6339553015997891484}
  - component: {fileID: 210540108540962660}
  - component: {fileID: 8905994155986260772}
  m_Layer: 9
  m_Name: Rock Pattern 4
  m_TagString: Untagged
  m_Icon: {fileID: 0}
  m_NavMeshLayer: 0
  m_StaticEditorFlags: 0
  m_IsActive: 1
--- !u!224 &6339553015997891484
RectTransform:
  m_ObjectHideFlags: 0
  m_CorrespondingSourceObject: {fileID: 0}
  m_PrefabInstance: {fileID: 0}
  m_PrefabAsset: {fileID: 0}
  m_GameObject: {fileID: 2998660566053186538}
  m_LocalRotation: {x: 0, y: 0, z: -0.9998767, w: 0.015707491}
  m_LocalPosition: {x: 0, y: 0, z: 0}
  m_LocalScale: {x: 1, y: 1, z: 1}
  m_Children:
  - {fileID: 5696259748501175740}
  - {fileID: 1366691886463890935}
  - {fileID: 44682204696214783}
  - {fileID: 963985191164245780}
  - {fileID: 4146180725194895214}
  - {fileID: 410091681997498452}
  - {fileID: 285466754683381661}
  - {fileID: 8109033148673242887}
  - {fileID: 1591412506316148299}
  - {fileID: 297178767579695030}
  - {fileID: 4035494013357190420}
  - {fileID: 4545711559864129668}
  - {fileID: 4556930006215796713}
  - {fileID: 2696700660807143498}
  m_Father: {fileID: 0}
  m_RootOrder: 0
  m_LocalEulerAnglesHint: {x: 0, y: 0, z: -178.2}
  m_AnchorMin: {x: 0.5, y: 0.5}
  m_AnchorMax: {x: 0.5, y: 0.5}
  m_AnchoredPosition: {x: 0, y: 55.69}
  m_SizeDelta: {x: 100, y: 100}
  m_Pivot: {x: 0.5, y: 0.5}
--- !u!210 &210540108540962660
SortingGroup:
  m_ObjectHideFlags: 0
  m_CorrespondingSourceObject: {fileID: 0}
  m_PrefabInstance: {fileID: 0}
  m_PrefabAsset: {fileID: 0}
  m_GameObject: {fileID: 2998660566053186538}
  m_Enabled: 1
  m_SortingLayerID: -340050477
  m_SortingLayer: 2
  m_SortingOrder: 20
--- !u!223 &8905994155986260772
Canvas:
  m_ObjectHideFlags: 0
  m_CorrespondingSourceObject: {fileID: 0}
  m_PrefabInstance: {fileID: 0}
  m_PrefabAsset: {fileID: 0}
  m_GameObject: {fileID: 2998660566053186538}
  m_Enabled: 1
  serializedVersion: 3
  m_RenderMode: 2
  m_Camera: {fileID: 0}
  m_PlaneDistance: 100
  m_PixelPerfect: 0
  m_ReceivesEvents: 1
  m_OverrideSorting: 0
  m_OverridePixelPerfect: 0
  m_SortingBucketNormalizedSize: 0
  m_AdditionalShaderChannelsFlag: 0
  m_SortingLayerID: 0
  m_SortingOrder: -1
  m_TargetDisplay: 0
--- !u!1001 &417434686222313513
PrefabInstance:
  m_ObjectHideFlags: 0
  serializedVersion: 2
  m_Modification:
    m_TransformParent: {fileID: 6339553015997891484}
    m_Modifications:
    - target: {fileID: 114316493178707762, guid: bce9c462e84a3444eb968d4da7b1cb15,
        type: 3}
      propertyPath: maxSpeed
      value: 20
      objectReference: {fileID: 0}
    - target: {fileID: 131954731497385887, guid: bce9c462e84a3444eb968d4da7b1cb15,
        type: 3}
      propertyPath: m_RootOrder
      value: 9
      objectReference: {fileID: 0}
    - target: {fileID: 131954731497385887, guid: bce9c462e84a3444eb968d4da7b1cb15,
        type: 3}
      propertyPath: m_LocalScale.x
      value: 20
      objectReference: {fileID: 0}
    - target: {fileID: 131954731497385887, guid: bce9c462e84a3444eb968d4da7b1cb15,
        type: 3}
      propertyPath: m_LocalScale.y
      value: 20
      objectReference: {fileID: 0}
    - target: {fileID: 131954731497385887, guid: bce9c462e84a3444eb968d4da7b1cb15,
        type: 3}
      propertyPath: m_LocalPosition.x
      value: 281
      objectReference: {fileID: 0}
    - target: {fileID: 131954731497385887, guid: bce9c462e84a3444eb968d4da7b1cb15,
        type: 3}
      propertyPath: m_LocalPosition.y
      value: -88
      objectReference: {fileID: 0}
    - target: {fileID: 131954731497385887, guid: bce9c462e84a3444eb968d4da7b1cb15,
        type: 3}
      propertyPath: m_LocalPosition.z
      value: 0
      objectReference: {fileID: 0}
    - target: {fileID: 131954731497385887, guid: bce9c462e84a3444eb968d4da7b1cb15,
        type: 3}
      propertyPath: m_LocalRotation.w
      value: 0.35265845
      objectReference: {fileID: 0}
    - target: {fileID: 131954731497385887, guid: bce9c462e84a3444eb968d4da7b1cb15,
        type: 3}
      propertyPath: m_LocalRotation.x
      value: -0
      objectReference: {fileID: 0}
    - target: {fileID: 131954731497385887, guid: bce9c462e84a3444eb968d4da7b1cb15,
        type: 3}
      propertyPath: m_LocalRotation.y
      value: -0
      objectReference: {fileID: 0}
    - target: {fileID: 131954731497385887, guid: bce9c462e84a3444eb968d4da7b1cb15,
        type: 3}
      propertyPath: m_LocalRotation.z
      value: -0.9357521
      objectReference: {fileID: 0}
    - target: {fileID: 131954731497385887, guid: bce9c462e84a3444eb968d4da7b1cb15,
        type: 3}
      propertyPath: m_LocalEulerAnglesHint.x
      value: 0
      objectReference: {fileID: 0}
    - target: {fileID: 131954731497385887, guid: bce9c462e84a3444eb968d4da7b1cb15,
        type: 3}
      propertyPath: m_LocalEulerAnglesHint.y
      value: 0
      objectReference: {fileID: 0}
    - target: {fileID: 131954731497385887, guid: bce9c462e84a3444eb968d4da7b1cb15,
        type: 3}
      propertyPath: m_LocalEulerAnglesHint.z
      value: -138.7
      objectReference: {fileID: 0}
    - target: {fileID: 229984103844169442, guid: bce9c462e84a3444eb968d4da7b1cb15,
        type: 3}
      propertyPath: m_Name
      value: Space rock 2 (d-burlesque)
      objectReference: {fileID: 0}
    - target: {fileID: 229984103844169442, guid: bce9c462e84a3444eb968d4da7b1cb15,
        type: 3}
      propertyPath: m_Layer
      value: 9
      objectReference: {fileID: 0}
    - target: {fileID: 229984103844169442, guid: bce9c462e84a3444eb968d4da7b1cb15,
        type: 3}
      propertyPath: m_IsActive
      value: 1
      objectReference: {fileID: 0}
    - target: {fileID: 1902022515477429150, guid: bce9c462e84a3444eb968d4da7b1cb15,
        type: 3}
      propertyPath: m_SortingOrder
      value: 50
      objectReference: {fileID: 0}
    m_RemovedComponents: []
  m_SourcePrefab: {fileID: 100100000, guid: bce9c462e84a3444eb968d4da7b1cb15, type: 3}
--- !u!4 &297178767579695030 stripped
Transform:
  m_CorrespondingSourceObject: {fileID: 131954731497385887, guid: bce9c462e84a3444eb968d4da7b1cb15,
    type: 3}
  m_PrefabInstance: {fileID: 417434686222313513}
  m_PrefabAsset: {fileID: 0}
--- !u!1001 &2645960264808005589
PrefabInstance:
  m_ObjectHideFlags: 0
  serializedVersion: 2
  m_Modification:
    m_TransformParent: {fileID: 6339553015997891484}
    m_Modifications:
    - target: {fileID: 114316493178707762, guid: bce9c462e84a3444eb968d4da7b1cb15,
        type: 3}
      propertyPath: maxSpeed
      value: 20
      objectReference: {fileID: 0}
    - target: {fileID: 131954731497385887, guid: bce9c462e84a3444eb968d4da7b1cb15,
        type: 3}
      propertyPath: m_RootOrder
      value: 13
      objectReference: {fileID: 0}
    - target: {fileID: 131954731497385887, guid: bce9c462e84a3444eb968d4da7b1cb15,
        type: 3}
      propertyPath: m_LocalScale.x
      value: 45.000015
      objectReference: {fileID: 0}
    - target: {fileID: 131954731497385887, guid: bce9c462e84a3444eb968d4da7b1cb15,
        type: 3}
      propertyPath: m_LocalScale.y
      value: 45.000015
      objectReference: {fileID: 0}
    - target: {fileID: 131954731497385887, guid: bce9c462e84a3444eb968d4da7b1cb15,
        type: 3}
      propertyPath: m_LocalPosition.x
      value: -234
      objectReference: {fileID: 0}
    - target: {fileID: 131954731497385887, guid: bce9c462e84a3444eb968d4da7b1cb15,
        type: 3}
      propertyPath: m_LocalPosition.y
      value: -33
      objectReference: {fileID: 0}
    - target: {fileID: 131954731497385887, guid: bce9c462e84a3444eb968d4da7b1cb15,
        type: 3}
      propertyPath: m_LocalPosition.z
      value: 0
      objectReference: {fileID: 0}
    - target: {fileID: 131954731497385887, guid: bce9c462e84a3444eb968d4da7b1cb15,
        type: 3}
      propertyPath: m_LocalRotation.w
      value: -0.007853706
      objectReference: {fileID: 0}
    - target: {fileID: 131954731497385887, guid: bce9c462e84a3444eb968d4da7b1cb15,
        type: 3}
      propertyPath: m_LocalRotation.x
      value: -0
      objectReference: {fileID: 0}
    - target: {fileID: 131954731497385887, guid: bce9c462e84a3444eb968d4da7b1cb15,
        type: 3}
      propertyPath: m_LocalRotation.y
      value: -0
      objectReference: {fileID: 0}
    - target: {fileID: 131954731497385887, guid: bce9c462e84a3444eb968d4da7b1cb15,
        type: 3}
      propertyPath: m_LocalRotation.z
      value: -0.9999692
      objectReference: {fileID: 0}
    - target: {fileID: 131954731497385887, guid: bce9c462e84a3444eb968d4da7b1cb15,
        type: 3}
      propertyPath: m_LocalEulerAnglesHint.x
      value: 0
      objectReference: {fileID: 0}
    - target: {fileID: 131954731497385887, guid: bce9c462e84a3444eb968d4da7b1cb15,
        type: 3}
      propertyPath: m_LocalEulerAnglesHint.y
      value: 0
      objectReference: {fileID: 0}
    - target: {fileID: 131954731497385887, guid: bce9c462e84a3444eb968d4da7b1cb15,
        type: 3}
      propertyPath: m_LocalEulerAnglesHint.z
      value: -180.9
      objectReference: {fileID: 0}
    - target: {fileID: 229984103844169442, guid: bce9c462e84a3444eb968d4da7b1cb15,
        type: 3}
      propertyPath: m_Name
      value: Space rock 2 (d-burlesque) (1)
      objectReference: {fileID: 0}
    - target: {fileID: 229984103844169442, guid: bce9c462e84a3444eb968d4da7b1cb15,
        type: 3}
      propertyPath: m_Layer
      value: 9
      objectReference: {fileID: 0}
    - target: {fileID: 229984103844169442, guid: bce9c462e84a3444eb968d4da7b1cb15,
        type: 3}
      propertyPath: m_IsActive
      value: 1
      objectReference: {fileID: 0}
    - target: {fileID: 1902022515477429150, guid: bce9c462e84a3444eb968d4da7b1cb15,
        type: 3}
      propertyPath: m_SortingOrder
      value: 50
      objectReference: {fileID: 0}
    m_RemovedComponents: []
  m_SourcePrefab: {fileID: 100100000, guid: bce9c462e84a3444eb968d4da7b1cb15, type: 3}
--- !u!4 &2696700660807143498 stripped
Transform:
  m_CorrespondingSourceObject: {fileID: 131954731497385887, guid: bce9c462e84a3444eb968d4da7b1cb15,
    type: 3}
  m_PrefabInstance: {fileID: 2645960264808005589}
  m_PrefabAsset: {fileID: 0}
--- !u!1001 &2980444000606234698
PrefabInstance:
  m_ObjectHideFlags: 0
  serializedVersion: 2
  m_Modification:
    m_TransformParent: {fileID: 6339553015997891484}
    m_Modifications:
    - target: {fileID: 114193975173478760, guid: f3cdfc8071f109441a716228eb48a102,
        type: 3}
      propertyPath: maxSpeed
      value: 20
      objectReference: {fileID: 0}
    - target: {fileID: 1446907260284548272, guid: f3cdfc8071f109441a716228eb48a102,
        type: 3}
      propertyPath: m_Name
      value: Space rock 4 (d-denim) (4)
      objectReference: {fileID: 0}
    - target: {fileID: 1446907260284548272, guid: f3cdfc8071f109441a716228eb48a102,
        type: 3}
      propertyPath: m_Layer
      value: 9
      objectReference: {fileID: 0}
    - target: {fileID: 1446907260284548272, guid: f3cdfc8071f109441a716228eb48a102,
        type: 3}
      propertyPath: m_IsActive
      value: 1
      objectReference: {fileID: 0}
    - target: {fileID: 6065511765197499601, guid: f3cdfc8071f109441a716228eb48a102,
        type: 3}
      propertyPath: m_SortingOrder
      value: 50
      objectReference: {fileID: 0}
    - target: {fileID: 6473283072780214093, guid: f3cdfc8071f109441a716228eb48a102,
        type: 3}
      propertyPath: m_RootOrder
      value: 7
      objectReference: {fileID: 0}
    - target: {fileID: 6473283072780214093, guid: f3cdfc8071f109441a716228eb48a102,
        type: 3}
      propertyPath: m_LocalScale.x
      value: 20
      objectReference: {fileID: 0}
    - target: {fileID: 6473283072780214093, guid: f3cdfc8071f109441a716228eb48a102,
        type: 3}
      propertyPath: m_LocalScale.y
      value: 20
      objectReference: {fileID: 0}
    - target: {fileID: 6473283072780214093, guid: f3cdfc8071f109441a716228eb48a102,
        type: 3}
      propertyPath: m_LocalPosition.x
      value: 94.00091
      objectReference: {fileID: 0}
    - target: {fileID: 6473283072780214093, guid: f3cdfc8071f109441a716228eb48a102,
        type: 3}
      propertyPath: m_LocalPosition.y
      value: -64.0009
      objectReference: {fileID: 0}
    - target: {fileID: 6473283072780214093, guid: f3cdfc8071f109441a716228eb48a102,
        type: 3}
      propertyPath: m_LocalPosition.z
      value: 0
      objectReference: {fileID: 0}
    - target: {fileID: 6473283072780214093, guid: f3cdfc8071f109441a716228eb48a102,
        type: 3}
      propertyPath: m_LocalRotation.w
      value: 0.40892315
      objectReference: {fileID: 0}
    - target: {fileID: 6473283072780214093, guid: f3cdfc8071f109441a716228eb48a102,
        type: 3}
      propertyPath: m_LocalRotation.x
      value: -0
      objectReference: {fileID: 0}
    - target: {fileID: 6473283072780214093, guid: f3cdfc8071f109441a716228eb48a102,
        type: 3}
      propertyPath: m_LocalRotation.y
      value: -0
      objectReference: {fileID: 0}
    - target: {fileID: 6473283072780214093, guid: f3cdfc8071f109441a716228eb48a102,
        type: 3}
      propertyPath: m_LocalRotation.z
      value: -0.9125688
      objectReference: {fileID: 0}
    - target: {fileID: 6473283072780214093, guid: f3cdfc8071f109441a716228eb48a102,
        type: 3}
      propertyPath: m_LocalEulerAnglesHint.x
      value: 0
      objectReference: {fileID: 0}
    - target: {fileID: 6473283072780214093, guid: f3cdfc8071f109441a716228eb48a102,
        type: 3}
      propertyPath: m_LocalEulerAnglesHint.y
      value: 0
      objectReference: {fileID: 0}
    - target: {fileID: 6473283072780214093, guid: f3cdfc8071f109441a716228eb48a102,
        type: 3}
      propertyPath: m_LocalEulerAnglesHint.z
      value: -131.726
      objectReference: {fileID: 0}
    m_RemovedComponents: []
  m_SourcePrefab: {fileID: 100100000, guid: f3cdfc8071f109441a716228eb48a102, type: 3}
--- !u!4 &8109033148673242887 stripped
Transform:
  m_CorrespondingSourceObject: {fileID: 6473283072780214093, guid: f3cdfc8071f109441a716228eb48a102,
    type: 3}
  m_PrefabInstance: {fileID: 2980444000606234698}
  m_PrefabAsset: {fileID: 0}
--- !u!1001 &2981387856780461328
PrefabInstance:
  m_ObjectHideFlags: 0
  serializedVersion: 2
  m_Modification:
    m_TransformParent: {fileID: 6339553015997891484}
    m_Modifications:
    - target: {fileID: 114328503760583510, guid: 7d3e5b04bef40ac498ebcf30b3e2da12,
        type: 3}
      propertyPath: maxSpeed
      value: 20
      objectReference: {fileID: 0}
    - target: {fileID: 1618367737338699156, guid: 7d3e5b04bef40ac498ebcf30b3e2da12,
        type: 3}
      propertyPath: m_RootOrder
      value: 11
      objectReference: {fileID: 0}
    - target: {fileID: 1618367737338699156, guid: 7d3e5b04bef40ac498ebcf30b3e2da12,
        type: 3}
      propertyPath: m_LocalScale.x
      value: 45.000015
      objectReference: {fileID: 0}
    - target: {fileID: 1618367737338699156, guid: 7d3e5b04bef40ac498ebcf30b3e2da12,
        type: 3}
      propertyPath: m_LocalScale.y
      value: 45.000015
      objectReference: {fileID: 0}
    - target: {fileID: 1618367737338699156, guid: 7d3e5b04bef40ac498ebcf30b3e2da12,
        type: 3}
      propertyPath: m_LocalPosition.x
      value: 201
      objectReference: {fileID: 0}
    - target: {fileID: 1618367737338699156, guid: 7d3e5b04bef40ac498ebcf30b3e2da12,
        type: 3}
      propertyPath: m_LocalPosition.y
      value: 5
      objectReference: {fileID: 0}
    - target: {fileID: 1618367737338699156, guid: 7d3e5b04bef40ac498ebcf30b3e2da12,
        type: 3}
      propertyPath: m_LocalPosition.z
      value: 0
      objectReference: {fileID: 0}
    - target: {fileID: 1618367737338699156, guid: 7d3e5b04bef40ac498ebcf30b3e2da12,
        type: 3}
      propertyPath: m_LocalRotation.w
      value: 0.027921675
      objectReference: {fileID: 0}
    - target: {fileID: 1618367737338699156, guid: 7d3e5b04bef40ac498ebcf30b3e2da12,
        type: 3}
      propertyPath: m_LocalRotation.x
      value: -0
      objectReference: {fileID: 0}
    - target: {fileID: 1618367737338699156, guid: 7d3e5b04bef40ac498ebcf30b3e2da12,
        type: 3}
      propertyPath: m_LocalRotation.y
      value: -0
      objectReference: {fileID: 0}
    - target: {fileID: 1618367737338699156, guid: 7d3e5b04bef40ac498ebcf30b3e2da12,
        type: 3}
      propertyPath: m_LocalRotation.z
      value: -0.9996101
      objectReference: {fileID: 0}
    - target: {fileID: 1618367737338699156, guid: 7d3e5b04bef40ac498ebcf30b3e2da12,
        type: 3}
      propertyPath: m_LocalEulerAnglesHint.x
      value: 0
      objectReference: {fileID: 0}
    - target: {fileID: 1618367737338699156, guid: 7d3e5b04bef40ac498ebcf30b3e2da12,
        type: 3}
      propertyPath: m_LocalEulerAnglesHint.y
      value: 0
      objectReference: {fileID: 0}
    - target: {fileID: 1618367737338699156, guid: 7d3e5b04bef40ac498ebcf30b3e2da12,
        type: 3}
      propertyPath: m_LocalEulerAnglesHint.z
      value: -176.8
      objectReference: {fileID: 0}
    - target: {fileID: 2897496410524955090, guid: 7d3e5b04bef40ac498ebcf30b3e2da12,
        type: 3}
      propertyPath: m_SortingOrder
      value: 50
      objectReference: {fileID: 0}
    - target: {fileID: 7531862609627910358, guid: 7d3e5b04bef40ac498ebcf30b3e2da12,
        type: 3}
      propertyPath: m_Name
      value: Space rock 4 (c-burlesque)
      objectReference: {fileID: 0}
    - target: {fileID: 7531862609627910358, guid: 7d3e5b04bef40ac498ebcf30b3e2da12,
        type: 3}
      propertyPath: m_Layer
      value: 9
      objectReference: {fileID: 0}
    - target: {fileID: 7531862609627910358, guid: 7d3e5b04bef40ac498ebcf30b3e2da12,
        type: 3}
      propertyPath: m_IsActive
      value: 1
      objectReference: {fileID: 0}
    m_RemovedComponents: []
  m_SourcePrefab: {fileID: 100100000, guid: 7d3e5b04bef40ac498ebcf30b3e2da12, type: 3}
--- !u!4 &4545711559864129668 stripped
Transform:
  m_CorrespondingSourceObject: {fileID: 1618367737338699156, guid: 7d3e5b04bef40ac498ebcf30b3e2da12,
    type: 3}
  m_PrefabInstance: {fileID: 2981387856780461328}
  m_PrefabAsset: {fileID: 0}
--- !u!1001 &4862726766921244593
PrefabInstance:
  m_ObjectHideFlags: 0
  serializedVersion: 2
  m_Modification:
    m_TransformParent: {fileID: 6339553015997891484}
    m_Modifications:
    - target: {fileID: 114824785849277074, guid: f2171d18f82ca364791abf71ae6b4baf,
        type: 3}
      propertyPath: maxSpeed
      value: 20
      objectReference: {fileID: 0}
    - target: {fileID: 162087516469627227, guid: f2171d18f82ca364791abf71ae6b4baf,
        type: 3}
      propertyPath: m_SortingOrder
      value: 50
      objectReference: {fileID: 0}
    - target: {fileID: 4892419930553393998, guid: f2171d18f82ca364791abf71ae6b4baf,
        type: 3}
      propertyPath: m_RootOrder
      value: 2
      objectReference: {fileID: 0}
    - target: {fileID: 4892419930553393998, guid: f2171d18f82ca364791abf71ae6b4baf,
        type: 3}
      propertyPath: m_LocalScale.x
      value: 28
      objectReference: {fileID: 0}
    - target: {fileID: 4892419930553393998, guid: f2171d18f82ca364791abf71ae6b4baf,
        type: 3}
      propertyPath: m_LocalScale.y
      value: 28
      objectReference: {fileID: 0}
    - target: {fileID: 4892419930553393998, guid: f2171d18f82ca364791abf71ae6b4baf,
        type: 3}
      propertyPath: m_LocalPosition.x
      value: -72
      objectReference: {fileID: 0}
    - target: {fileID: 4892419930553393998, guid: f2171d18f82ca364791abf71ae6b4baf,
        type: 3}
      propertyPath: m_LocalPosition.y
      value: 6
      objectReference: {fileID: 0}
    - target: {fileID: 4892419930553393998, guid: f2171d18f82ca364791abf71ae6b4baf,
        type: 3}
      propertyPath: m_LocalPosition.z
      value: 0
      objectReference: {fileID: 0}
    - target: {fileID: 4892419930553393998, guid: f2171d18f82ca364791abf71ae6b4baf,
        type: 3}
      propertyPath: m_LocalRotation.w
      value: 0.92253816
      objectReference: {fileID: 0}
    - target: {fileID: 4892419930553393998, guid: f2171d18f82ca364791abf71ae6b4baf,
        type: 3}
      propertyPath: m_LocalRotation.x
      value: -0
      objectReference: {fileID: 0}
    - target: {fileID: 4892419930553393998, guid: f2171d18f82ca364791abf71ae6b4baf,
        type: 3}
      propertyPath: m_LocalRotation.y
      value: -0
      objectReference: {fileID: 0}
    - target: {fileID: 4892419930553393998, guid: f2171d18f82ca364791abf71ae6b4baf,
        type: 3}
      propertyPath: m_LocalRotation.z
      value: 0.38590598
      objectReference: {fileID: 0}
    - target: {fileID: 4892419930553393998, guid: f2171d18f82ca364791abf71ae6b4baf,
        type: 3}
      propertyPath: m_LocalEulerAnglesHint.x
      value: 0
      objectReference: {fileID: 0}
    - target: {fileID: 4892419930553393998, guid: f2171d18f82ca364791abf71ae6b4baf,
        type: 3}
      propertyPath: m_LocalEulerAnglesHint.y
      value: 0
      objectReference: {fileID: 0}
    - target: {fileID: 4892419930553393998, guid: f2171d18f82ca364791abf71ae6b4baf,
        type: 3}
      propertyPath: m_LocalEulerAnglesHint.z
      value: 45.4
      objectReference: {fileID: 0}
    - target: {fileID: 5451511104460269238, guid: f2171d18f82ca364791abf71ae6b4baf,
        type: 3}
      propertyPath: m_Name
      value: Space rock 4 (a-mercury) (2)
      objectReference: {fileID: 0}
    - target: {fileID: 5451511104460269238, guid: f2171d18f82ca364791abf71ae6b4baf,
        type: 3}
      propertyPath: m_Layer
      value: 9
      objectReference: {fileID: 0}
    - target: {fileID: 5451511104460269238, guid: f2171d18f82ca364791abf71ae6b4baf,
        type: 3}
      propertyPath: m_IsActive
      value: 1
      objectReference: {fileID: 0}
    m_RemovedComponents: []
  m_SourcePrefab: {fileID: 100100000, guid: f2171d18f82ca364791abf71ae6b4baf, type: 3}
--- !u!4 &44682204696214783 stripped
Transform:
  m_CorrespondingSourceObject: {fileID: 4892419930553393998, guid: f2171d18f82ca364791abf71ae6b4baf,
    type: 3}
  m_PrefabInstance: {fileID: 4862726766921244593}
  m_PrefabAsset: {fileID: 0}
--- !u!1001 &5658101602577929306
PrefabInstance:
  m_ObjectHideFlags: 0
  serializedVersion: 2
  m_Modification:
    m_TransformParent: {fileID: 6339553015997891484}
    m_Modifications:
    - target: {fileID: 114824785849277074, guid: f2171d18f82ca364791abf71ae6b4baf,
        type: 3}
      propertyPath: maxSpeed
      value: 20
      objectReference: {fileID: 0}
    - target: {fileID: 162087516469627227, guid: f2171d18f82ca364791abf71ae6b4baf,
        type: 3}
      propertyPath: m_SortingOrder
      value: 50
      objectReference: {fileID: 0}
    - target: {fileID: 4892419930553393998, guid: f2171d18f82ca364791abf71ae6b4baf,
        type: 3}
      propertyPath: m_RootOrder
      value: 3
      objectReference: {fileID: 0}
    - target: {fileID: 4892419930553393998, guid: f2171d18f82ca364791abf71ae6b4baf,
        type: 3}
      propertyPath: m_LocalScale.x
      value: 18
      objectReference: {fileID: 0}
    - target: {fileID: 4892419930553393998, guid: f2171d18f82ca364791abf71ae6b4baf,
        type: 3}
      propertyPath: m_LocalScale.y
      value: 18
      objectReference: {fileID: 0}
    - target: {fileID: 4892419930553393998, guid: f2171d18f82ca364791abf71ae6b4baf,
        type: 3}
      propertyPath: m_LocalPosition.x
      value: 104
      objectReference: {fileID: 0}
    - target: {fileID: 4892419930553393998, guid: f2171d18f82ca364791abf71ae6b4baf,
        type: 3}
      propertyPath: m_LocalPosition.y
      value: 232
      objectReference: {fileID: 0}
    - target: {fileID: 4892419930553393998, guid: f2171d18f82ca364791abf71ae6b4baf,
        type: 3}
      propertyPath: m_LocalPosition.z
      value: 0
      objectReference: {fileID: 0}
    - target: {fileID: 4892419930553393998, guid: f2171d18f82ca364791abf71ae6b4baf,
        type: 3}
      propertyPath: m_LocalRotation.w
      value: 0.95410424
      objectReference: {fileID: 0}
    - target: {fileID: 4892419930553393998, guid: f2171d18f82ca364791abf71ae6b4baf,
        type: 3}
      propertyPath: m_LocalRotation.x
      value: -0
      objectReference: {fileID: 0}
    - target: {fileID: 4892419930553393998, guid: f2171d18f82ca364791abf71ae6b4baf,
        type: 3}
      propertyPath: m_LocalRotation.y
      value: -0
      objectReference: {fileID: 0}
    - target: {fileID: 4892419930553393998, guid: f2171d18f82ca364791abf71ae6b4baf,
        type: 3}
      propertyPath: m_LocalRotation.z
      value: -0.29947457
      objectReference: {fileID: 0}
    - target: {fileID: 4892419930553393998, guid: f2171d18f82ca364791abf71ae6b4baf,
        type: 3}
      propertyPath: m_LocalEulerAnglesHint.x
      value: 0
      objectReference: {fileID: 0}
    - target: {fileID: 4892419930553393998, guid: f2171d18f82ca364791abf71ae6b4baf,
        type: 3}
      propertyPath: m_LocalEulerAnglesHint.y
      value: 0
      objectReference: {fileID: 0}
    - target: {fileID: 4892419930553393998, guid: f2171d18f82ca364791abf71ae6b4baf,
        type: 3}
      propertyPath: m_LocalEulerAnglesHint.z
      value: -34.852
      objectReference: {fileID: 0}
    - target: {fileID: 5451511104460269238, guid: f2171d18f82ca364791abf71ae6b4baf,
        type: 3}
      propertyPath: m_Name
      value: Space rock 4 (a-mercury) (3)
      objectReference: {fileID: 0}
    - target: {fileID: 5451511104460269238, guid: f2171d18f82ca364791abf71ae6b4baf,
        type: 3}
      propertyPath: m_Layer
      value: 9
      objectReference: {fileID: 0}
    - target: {fileID: 5451511104460269238, guid: f2171d18f82ca364791abf71ae6b4baf,
        type: 3}
      propertyPath: m_IsActive
      value: 1
      objectReference: {fileID: 0}
    m_RemovedComponents: []
  m_SourcePrefab: {fileID: 100100000, guid: f2171d18f82ca364791abf71ae6b4baf, type: 3}
--- !u!4 &963985191164245780 stripped
Transform:
  m_CorrespondingSourceObject: {fileID: 4892419930553393998, guid: f2171d18f82ca364791abf71ae6b4baf,
    type: 3}
  m_PrefabInstance: {fileID: 5658101602577929306}
  m_PrefabAsset: {fileID: 0}
--- !u!1001 &5746713616771158278
PrefabInstance:
  m_ObjectHideFlags: 0
  serializedVersion: 2
  m_Modification:
    m_TransformParent: {fileID: 6339553015997891484}
    m_Modifications:
    - target: {fileID: 114193975173478760, guid: f3cdfc8071f109441a716228eb48a102,
        type: 3}
      propertyPath: maxSpeed
      value: 20
      objectReference: {fileID: 0}
    - target: {fileID: 1446907260284548272, guid: f3cdfc8071f109441a716228eb48a102,
        type: 3}
      propertyPath: m_Name
      value: Space rock 4 (d-denim) (5)
      objectReference: {fileID: 0}
    - target: {fileID: 1446907260284548272, guid: f3cdfc8071f109441a716228eb48a102,
        type: 3}
      propertyPath: m_Layer
      value: 9
      objectReference: {fileID: 0}
    - target: {fileID: 1446907260284548272, guid: f3cdfc8071f109441a716228eb48a102,
        type: 3}
      propertyPath: m_IsActive
      value: 1
      objectReference: {fileID: 0}
    - target: {fileID: 6065511765197499601, guid: f3cdfc8071f109441a716228eb48a102,
        type: 3}
      propertyPath: m_SortingOrder
      value: 50
      objectReference: {fileID: 0}
    - target: {fileID: 6473283072780214093, guid: f3cdfc8071f109441a716228eb48a102,
        type: 3}
      propertyPath: m_RootOrder
      value: 8
      objectReference: {fileID: 0}
    - target: {fileID: 6473283072780214093, guid: f3cdfc8071f109441a716228eb48a102,
        type: 3}
      propertyPath: m_LocalScale.x
      value: 32
      objectReference: {fileID: 0}
    - target: {fileID: 6473283072780214093, guid: f3cdfc8071f109441a716228eb48a102,
        type: 3}
      propertyPath: m_LocalScale.y
      value: 32
      objectReference: {fileID: 0}
    - target: {fileID: 6473283072780214093, guid: f3cdfc8071f109441a716228eb48a102,
        type: 3}
      propertyPath: m_LocalPosition.x
      value: 62
      objectReference: {fileID: 0}
    - target: {fileID: 6473283072780214093, guid: f3cdfc8071f109441a716228eb48a102,
        type: 3}
      propertyPath: m_LocalPosition.y
      value: 85
      objectReference: {fileID: 0}
    - target: {fileID: 6473283072780214093, guid: f3cdfc8071f109441a716228eb48a102,
        type: 3}
      propertyPath: m_LocalPosition.z
      value: 0
      objectReference: {fileID: 0}
    - target: {fileID: 6473283072780214093, guid: f3cdfc8071f109441a716228eb48a102,
        type: 3}
      propertyPath: m_LocalRotation.w
      value: 0.92367905
      objectReference: {fileID: 0}
    - target: {fileID: 6473283072780214093, guid: f3cdfc8071f109441a716228eb48a102,
        type: 3}
      propertyPath: m_LocalRotation.x
      value: -0
      objectReference: {fileID: 0}
    - target: {fileID: 6473283072780214093, guid: f3cdfc8071f109441a716228eb48a102,
        type: 3}
      propertyPath: m_LocalRotation.y
      value: -0
      objectReference: {fileID: 0}
    - target: {fileID: 6473283072780214093, guid: f3cdfc8071f109441a716228eb48a102,
        type: 3}
      propertyPath: m_LocalRotation.z
      value: 0.3831671
      objectReference: {fileID: 0}
    - target: {fileID: 6473283072780214093, guid: f3cdfc8071f109441a716228eb48a102,
        type: 3}
      propertyPath: m_LocalEulerAnglesHint.x
      value: 0
      objectReference: {fileID: 0}
    - target: {fileID: 6473283072780214093, guid: f3cdfc8071f109441a716228eb48a102,
        type: 3}
      propertyPath: m_LocalEulerAnglesHint.y
      value: 0
      objectReference: {fileID: 0}
    - target: {fileID: 6473283072780214093, guid: f3cdfc8071f109441a716228eb48a102,
        type: 3}
      propertyPath: m_LocalEulerAnglesHint.z
      value: 45.06
      objectReference: {fileID: 0}
    m_RemovedComponents: []
  m_SourcePrefab: {fileID: 100100000, guid: f3cdfc8071f109441a716228eb48a102, type: 3}
--- !u!4 &1591412506316148299 stripped
Transform:
  m_CorrespondingSourceObject: {fileID: 6473283072780214093, guid: f3cdfc8071f109441a716228eb48a102,
    type: 3}
  m_PrefabInstance: {fileID: 5746713616771158278}
  m_PrefabAsset: {fileID: 0}
--- !u!1001 &5841776776404768441
PrefabInstance:
  m_ObjectHideFlags: 0
  serializedVersion: 2
  m_Modification:
    m_TransformParent: {fileID: 6339553015997891484}
    m_Modifications:
    - target: {fileID: 114824785849277074, guid: f2171d18f82ca364791abf71ae6b4baf,
        type: 3}
      propertyPath: maxSpeed
      value: 20
      objectReference: {fileID: 0}
    - target: {fileID: 162087516469627227, guid: f2171d18f82ca364791abf71ae6b4baf,
        type: 3}
      propertyPath: m_SortingOrder
      value: 50
      objectReference: {fileID: 0}
    - target: {fileID: 4892419930553393998, guid: f2171d18f82ca364791abf71ae6b4baf,
        type: 3}
      propertyPath: m_RootOrder
      value: 1
      objectReference: {fileID: 0}
    - target: {fileID: 4892419930553393998, guid: f2171d18f82ca364791abf71ae6b4baf,
        type: 3}
      propertyPath: m_LocalScale.x
      value: 18
      objectReference: {fileID: 0}
    - target: {fileID: 4892419930553393998, guid: f2171d18f82ca364791abf71ae6b4baf,
        type: 3}
      propertyPath: m_LocalScale.y
      value: 18
      objectReference: {fileID: 0}
    - target: {fileID: 4892419930553393998, guid: f2171d18f82ca364791abf71ae6b4baf,
        type: 3}
      propertyPath: m_LocalPosition.x
      value: 149
      objectReference: {fileID: 0}
    - target: {fileID: 4892419930553393998, guid: f2171d18f82ca364791abf71ae6b4baf,
        type: 3}
      propertyPath: m_LocalPosition.y
      value: -149
      objectReference: {fileID: 0}
    - target: {fileID: 4892419930553393998, guid: f2171d18f82ca364791abf71ae6b4baf,
        type: 3}
      propertyPath: m_LocalPosition.z
      value: 0
      objectReference: {fileID: 0}
    - target: {fileID: 4892419930553393998, guid: f2171d18f82ca364791abf71ae6b4baf,
        type: 3}
      propertyPath: m_LocalRotation.w
      value: 0.9737977
      objectReference: {fileID: 0}
    - target: {fileID: 4892419930553393998, guid: f2171d18f82ca364791abf71ae6b4baf,
        type: 3}
      propertyPath: m_LocalRotation.x
      value: -0
      objectReference: {fileID: 0}
    - target: {fileID: 4892419930553393998, guid: f2171d18f82ca364791abf71ae6b4baf,
        type: 3}
      propertyPath: m_LocalRotation.y
      value: -0
      objectReference: {fileID: 0}
    - target: {fileID: 4892419930553393998, guid: f2171d18f82ca364791abf71ae6b4baf,
        type: 3}
      propertyPath: m_LocalRotation.z
      value: 0.22741623
      objectReference: {fileID: 0}
    - target: {fileID: 4892419930553393998, guid: f2171d18f82ca364791abf71ae6b4baf,
        type: 3}
      propertyPath: m_LocalEulerAnglesHint.x
      value: 0
      objectReference: {fileID: 0}
    - target: {fileID: 4892419930553393998, guid: f2171d18f82ca364791abf71ae6b4baf,
        type: 3}
      propertyPath: m_LocalEulerAnglesHint.y
      value: 0
      objectReference: {fileID: 0}
    - target: {fileID: 4892419930553393998, guid: f2171d18f82ca364791abf71ae6b4baf,
        type: 3}
      propertyPath: m_LocalEulerAnglesHint.z
      value: 26.29
      objectReference: {fileID: 0}
    - target: {fileID: 5451511104460269238, guid: f2171d18f82ca364791abf71ae6b4baf,
        type: 3}
      propertyPath: m_Name
      value: Space rock 4 (a-mercury)
      objectReference: {fileID: 0}
    - target: {fileID: 5451511104460269238, guid: f2171d18f82ca364791abf71ae6b4baf,
        type: 3}
      propertyPath: m_Layer
      value: 9
      objectReference: {fileID: 0}
    - target: {fileID: 5451511104460269238, guid: f2171d18f82ca364791abf71ae6b4baf,
        type: 3}
      propertyPath: m_IsActive
      value: 1
      objectReference: {fileID: 0}
    m_RemovedComponents: []
  m_SourcePrefab: {fileID: 100100000, guid: f2171d18f82ca364791abf71ae6b4baf, type: 3}
--- !u!4 &1366691886463890935 stripped
Transform:
  m_CorrespondingSourceObject: {fileID: 4892419930553393998, guid: f2171d18f82ca364791abf71ae6b4baf,
    type: 3}
  m_PrefabInstance: {fileID: 5841776776404768441}
  m_PrefabAsset: {fileID: 0}
--- !u!1001 &6495200187744205008
PrefabInstance:
  m_ObjectHideFlags: 0
  serializedVersion: 2
  m_Modification:
    m_TransformParent: {fileID: 6339553015997891484}
    m_Modifications:
    - target: {fileID: 114193975173478760, guid: f3cdfc8071f109441a716228eb48a102,
        type: 3}
      propertyPath: maxSpeed
      value: 20
      objectReference: {fileID: 0}
    - target: {fileID: 1446907260284548272, guid: f3cdfc8071f109441a716228eb48a102,
        type: 3}
      propertyPath: m_Name
      value: Space rock 4 (d-denim) (3)
      objectReference: {fileID: 0}
    - target: {fileID: 1446907260284548272, guid: f3cdfc8071f109441a716228eb48a102,
        type: 3}
      propertyPath: m_Layer
      value: 9
      objectReference: {fileID: 0}
    - target: {fileID: 1446907260284548272, guid: f3cdfc8071f109441a716228eb48a102,
        type: 3}
      propertyPath: m_IsActive
      value: 1
      objectReference: {fileID: 0}
    - target: {fileID: 6065511765197499601, guid: f3cdfc8071f109441a716228eb48a102,
        type: 3}
      propertyPath: m_SortingOrder
      value: 50
      objectReference: {fileID: 0}
    - target: {fileID: 6473283072780214093, guid: f3cdfc8071f109441a716228eb48a102,
        type: 3}
      propertyPath: m_RootOrder
      value: 6
      objectReference: {fileID: 0}
    - target: {fileID: 6473283072780214093, guid: f3cdfc8071f109441a716228eb48a102,
        type: 3}
      propertyPath: m_LocalScale.x
      value: 20
      objectReference: {fileID: 0}
    - target: {fileID: 6473283072780214093, guid: f3cdfc8071f109441a716228eb48a102,
        type: 3}
      propertyPath: m_LocalScale.y
      value: 20
      objectReference: {fileID: 0}
    - target: {fileID: 6473283072780214093, guid: f3cdfc8071f109441a716228eb48a102,
        type: 3}
      propertyPath: m_LocalPosition.x
      value: -387
      objectReference: {fileID: 0}
    - target: {fileID: 6473283072780214093, guid: f3cdfc8071f109441a716228eb48a102,
        type: 3}
      propertyPath: m_LocalPosition.y
      value: -13
      objectReference: {fileID: 0}
    - target: {fileID: 6473283072780214093, guid: f3cdfc8071f109441a716228eb48a102,
        type: 3}
      propertyPath: m_LocalPosition.z
      value: 0
      objectReference: {fileID: 0}
    - target: {fileID: 6473283072780214093, guid: f3cdfc8071f109441a716228eb48a102,
        type: 3}
      propertyPath: m_LocalRotation.w
      value: 0.9982399
      objectReference: {fileID: 0}
    - target: {fileID: 6473283072780214093, guid: f3cdfc8071f109441a716228eb48a102,
        type: 3}
      propertyPath: m_LocalRotation.x
      value: -0
      objectReference: {fileID: 0}
    - target: {fileID: 6473283072780214093, guid: f3cdfc8071f109441a716228eb48a102,
        type: 3}
      propertyPath: m_LocalRotation.y
      value: -0
      objectReference: {fileID: 0}
    - target: {fileID: 6473283072780214093, guid: f3cdfc8071f109441a716228eb48a102,
        type: 3}
      propertyPath: m_LocalRotation.z
      value: 0.059306376
      objectReference: {fileID: 0}
    - target: {fileID: 6473283072780214093, guid: f3cdfc8071f109441a716228eb48a102,
        type: 3}
      propertyPath: m_LocalEulerAnglesHint.x
      value: 0
      objectReference: {fileID: 0}
    - target: {fileID: 6473283072780214093, guid: f3cdfc8071f109441a716228eb48a102,
        type: 3}
      propertyPath: m_LocalEulerAnglesHint.y
      value: 0
      objectReference: {fileID: 0}
    - target: {fileID: 6473283072780214093, guid: f3cdfc8071f109441a716228eb48a102,
        type: 3}
      propertyPath: m_LocalEulerAnglesHint.z
      value: 6.8
      objectReference: {fileID: 0}
    m_RemovedComponents: []
  m_SourcePrefab: {fileID: 100100000, guid: f3cdfc8071f109441a716228eb48a102, type: 3}
--- !u!4 &285466754683381661 stripped
Transform:
  m_CorrespondingSourceObject: {fileID: 6473283072780214093, guid: f3cdfc8071f109441a716228eb48a102,
    type: 3}
  m_PrefabInstance: {fileID: 6495200187744205008}
  m_PrefabAsset: {fileID: 0}
--- !u!1001 &6657807468205225753
PrefabInstance:
  m_ObjectHideFlags: 0
  serializedVersion: 2
  m_Modification:
    m_TransformParent: {fileID: 6339553015997891484}
    m_Modifications:
    - target: {fileID: 114193975173478760, guid: f3cdfc8071f109441a716228eb48a102,
        type: 3}
      propertyPath: maxSpeed
      value: 20
      objectReference: {fileID: 0}
    - target: {fileID: 1446907260284548272, guid: f3cdfc8071f109441a716228eb48a102,
        type: 3}
      propertyPath: m_Name
      value: Space rock 4 (d-denim) (2)
      objectReference: {fileID: 0}
    - target: {fileID: 1446907260284548272, guid: f3cdfc8071f109441a716228eb48a102,
        type: 3}
      propertyPath: m_Layer
      value: 9
      objectReference: {fileID: 0}
    - target: {fileID: 1446907260284548272, guid: f3cdfc8071f109441a716228eb48a102,
        type: 3}
      propertyPath: m_IsActive
      value: 1
      objectReference: {fileID: 0}
    - target: {fileID: 6065511765197499601, guid: f3cdfc8071f109441a716228eb48a102,
        type: 3}
      propertyPath: m_SortingOrder
      value: 50
      objectReference: {fileID: 0}
    - target: {fileID: 6473283072780214093, guid: f3cdfc8071f109441a716228eb48a102,
        type: 3}
      propertyPath: m_RootOrder
      value: 5
      objectReference: {fileID: 0}
    - target: {fileID: 6473283072780214093, guid: f3cdfc8071f109441a716228eb48a102,
        type: 3}
      propertyPath: m_LocalScale.x
      value: 20
      objectReference: {fileID: 0}
    - target: {fileID: 6473283072780214093, guid: f3cdfc8071f109441a716228eb48a102,
        type: 3}
      propertyPath: m_LocalScale.y
      value: 20
      objectReference: {fileID: 0}
    - target: {fileID: 6473283072780214093, guid: f3cdfc8071f109441a716228eb48a102,
        type: 3}
      propertyPath: m_LocalPosition.x
      value: -284
      objectReference: {fileID: 0}
    - target: {fileID: 6473283072780214093, guid: f3cdfc8071f109441a716228eb48a102,
        type: 3}
      propertyPath: m_LocalPosition.y
      value: 85
      objectReference: {fileID: 0}
    - target: {fileID: 6473283072780214093, guid: f3cdfc8071f109441a716228eb48a102,
        type: 3}
      propertyPath: m_LocalPosition.z
      value: 0
      objectReference: {fileID: 0}
    - target: {fileID: 6473283072780214093, guid: f3cdfc8071f109441a716228eb48a102,
        type: 3}
      propertyPath: m_LocalRotation.w
      value: 0.75813437
      objectReference: {fileID: 0}
    - target: {fileID: 6473283072780214093, guid: f3cdfc8071f109441a716228eb48a102,
        type: 3}
      propertyPath: m_LocalRotation.x
      value: -0
      objectReference: {fileID: 0}
    - target: {fileID: 6473283072780214093, guid: f3cdfc8071f109441a716228eb48a102,
        type: 3}
      propertyPath: m_LocalRotation.y
      value: -0
      objectReference: {fileID: 0}
    - target: {fileID: 6473283072780214093, guid: f3cdfc8071f109441a716228eb48a102,
        type: 3}
      propertyPath: m_LocalRotation.z
      value: -0.6520984
      objectReference: {fileID: 0}
    - target: {fileID: 6473283072780214093, guid: f3cdfc8071f109441a716228eb48a102,
        type: 3}
      propertyPath: m_LocalEulerAnglesHint.x
      value: 0
      objectReference: {fileID: 0}
    - target: {fileID: 6473283072780214093, guid: f3cdfc8071f109441a716228eb48a102,
        type: 3}
      propertyPath: m_LocalEulerAnglesHint.y
      value: 0
      objectReference: {fileID: 0}
    - target: {fileID: 6473283072780214093, guid: f3cdfc8071f109441a716228eb48a102,
        type: 3}
      propertyPath: m_LocalEulerAnglesHint.z
      value: -81.4
      objectReference: {fileID: 0}
    m_RemovedComponents: []
  m_SourcePrefab: {fileID: 100100000, guid: f3cdfc8071f109441a716228eb48a102, type: 3}
--- !u!4 &410091681997498452 stripped
Transform:
  m_CorrespondingSourceObject: {fileID: 6473283072780214093, guid: f3cdfc8071f109441a716228eb48a102,
    type: 3}
  m_PrefabInstance: {fileID: 6657807468205225753}
  m_PrefabAsset: {fileID: 0}
--- !u!1001 &6944420670705840163
PrefabInstance:
  m_ObjectHideFlags: 0
  serializedVersion: 2
  m_Modification:
    m_TransformParent: {fileID: 6339553015997891484}
    m_Modifications:
    - target: {fileID: 114193975173478760, guid: f3cdfc8071f109441a716228eb48a102,
        type: 3}
      propertyPath: maxSpeed
      value: 20
      objectReference: {fileID: 0}
    - target: {fileID: 1446907260284548272, guid: f3cdfc8071f109441a716228eb48a102,
        type: 3}
      propertyPath: m_Name
      value: Space rock 4 (d-denim)
      objectReference: {fileID: 0}
    - target: {fileID: 1446907260284548272, guid: f3cdfc8071f109441a716228eb48a102,
        type: 3}
      propertyPath: m_Layer
      value: 9
      objectReference: {fileID: 0}
    - target: {fileID: 1446907260284548272, guid: f3cdfc8071f109441a716228eb48a102,
        type: 3}
      propertyPath: m_IsActive
      value: 1
      objectReference: {fileID: 0}
    - target: {fileID: 6065511765197499601, guid: f3cdfc8071f109441a716228eb48a102,
        type: 3}
      propertyPath: m_SortingOrder
      value: 50
      objectReference: {fileID: 0}
    - target: {fileID: 6473283072780214093, guid: f3cdfc8071f109441a716228eb48a102,
        type: 3}
      propertyPath: m_RootOrder
      value: 4
      objectReference: {fileID: 0}
    - target: {fileID: 6473283072780214093, guid: f3cdfc8071f109441a716228eb48a102,
        type: 3}
      propertyPath: m_LocalScale.x
      value: 20
      objectReference: {fileID: 0}
    - target: {fileID: 6473283072780214093, guid: f3cdfc8071f109441a716228eb48a102,
        type: 3}
      propertyPath: m_LocalScale.y
      value: 20
      objectReference: {fileID: 0}
    - target: {fileID: 6473283072780214093, guid: f3cdfc8071f109441a716228eb48a102,
        type: 3}
      propertyPath: m_LocalPosition.x
      value: 326
      objectReference: {fileID: 0}
    - target: {fileID: 6473283072780214093, guid: f3cdfc8071f109441a716228eb48a102,
        type: 3}
      propertyPath: m_LocalPosition.y
      value: 42
      objectReference: {fileID: 0}
    - target: {fileID: 6473283072780214093, guid: f3cdfc8071f109441a716228eb48a102,
        type: 3}
      propertyPath: m_LocalPosition.z
      value: 0
      objectReference: {fileID: 0}
    - target: {fileID: 6473283072780214093, guid: f3cdfc8071f109441a716228eb48a102,
        type: 3}
      propertyPath: m_LocalRotation.w
      value: 0.9812927
      objectReference: {fileID: 0}
    - target: {fileID: 6473283072780214093, guid: f3cdfc8071f109441a716228eb48a102,
        type: 3}
      propertyPath: m_LocalRotation.x
      value: -0
      objectReference: {fileID: 0}
    - target: {fileID: 6473283072780214093, guid: f3cdfc8071f109441a716228eb48a102,
        type: 3}
      propertyPath: m_LocalRotation.y
      value: -0
      objectReference: {fileID: 0}
    - target: {fileID: 6473283072780214093, guid: f3cdfc8071f109441a716228eb48a102,
        type: 3}
      propertyPath: m_LocalRotation.z
      value: 0.19252197
      objectReference: {fileID: 0}
    - target: {fileID: 6473283072780214093, guid: f3cdfc8071f109441a716228eb48a102,
        type: 3}
      propertyPath: m_LocalEulerAnglesHint.x
      value: 0
      objectReference: {fileID: 0}
    - target: {fileID: 6473283072780214093, guid: f3cdfc8071f109441a716228eb48a102,
        type: 3}
      propertyPath: m_LocalEulerAnglesHint.y
      value: 0
      objectReference: {fileID: 0}
    - target: {fileID: 6473283072780214093, guid: f3cdfc8071f109441a716228eb48a102,
        type: 3}
      propertyPath: m_LocalEulerAnglesHint.z
      value: 22.2
      objectReference: {fileID: 0}
    m_RemovedComponents: []
  m_SourcePrefab: {fileID: 100100000, guid: f3cdfc8071f109441a716228eb48a102, type: 3}
--- !u!4 &4146180725194895214 stripped
Transform:
  m_CorrespondingSourceObject: {fileID: 6473283072780214093, guid: f3cdfc8071f109441a716228eb48a102,
    type: 3}
  m_PrefabInstance: {fileID: 6944420670705840163}
  m_PrefabAsset: {fileID: 0}
--- !u!1001 &7049625200522162777
PrefabInstance:
  m_ObjectHideFlags: 0
  serializedVersion: 2
  m_Modification:
    m_TransformParent: {fileID: 6339553015997891484}
    m_Modifications:
    - target: {fileID: 114193975173478760, guid: f3cdfc8071f109441a716228eb48a102,
        type: 3}
      propertyPath: maxSpeed
      value: 20
      objectReference: {fileID: 0}
    - target: {fileID: 1446907260284548272, guid: f3cdfc8071f109441a716228eb48a102,
        type: 3}
      propertyPath: m_Name
      value: Space rock 4 (d-denim) (6)
      objectReference: {fileID: 0}
    - target: {fileID: 1446907260284548272, guid: f3cdfc8071f109441a716228eb48a102,
        type: 3}
      propertyPath: m_Layer
      value: 9
      objectReference: {fileID: 0}
    - target: {fileID: 1446907260284548272, guid: f3cdfc8071f109441a716228eb48a102,
        type: 3}
      propertyPath: m_IsActive
      value: 1
      objectReference: {fileID: 0}
    - target: {fileID: 6065511765197499601, guid: f3cdfc8071f109441a716228eb48a102,
        type: 3}
      propertyPath: m_SortingOrder
      value: 50
      objectReference: {fileID: 0}
    - target: {fileID: 6473283072780214093, guid: f3cdfc8071f109441a716228eb48a102,
        type: 3}
      propertyPath: m_RootOrder
      value: 10
      objectReference: {fileID: 0}
    - target: {fileID: 6473283072780214093, guid: f3cdfc8071f109441a716228eb48a102,
        type: 3}
      propertyPath: m_LocalScale.x
      value: 32.000015
      objectReference: {fileID: 0}
    - target: {fileID: 6473283072780214093, guid: f3cdfc8071f109441a716228eb48a102,
        type: 3}
      propertyPath: m_LocalScale.y
      value: 32.000015
      objectReference: {fileID: 0}
    - target: {fileID: 6473283072780214093, guid: f3cdfc8071f109441a716228eb48a102,
        type: 3}
      propertyPath: m_LocalPosition.x
      value: -151
      objectReference: {fileID: 0}
    - target: {fileID: 6473283072780214093, guid: f3cdfc8071f109441a716228eb48a102,
        type: 3}
      propertyPath: m_LocalPosition.y
      value: 160
      objectReference: {fileID: 0}
    - target: {fileID: 6473283072780214093, guid: f3cdfc8071f109441a716228eb48a102,
        type: 3}
      propertyPath: m_LocalPosition.z
      value: 0
      objectReference: {fileID: 0}
    - target: {fileID: 6473283072780214093, guid: f3cdfc8071f109441a716228eb48a102,
        type: 3}
      propertyPath: m_LocalRotation.w
      value: -0.11416618
      objectReference: {fileID: 0}
    - target: {fileID: 6473283072780214093, guid: f3cdfc8071f109441a716228eb48a102,
        type: 3}
      propertyPath: m_LocalRotation.x
      value: -0
      objectReference: {fileID: 0}
    - target: {fileID: 6473283072780214093, guid: f3cdfc8071f109441a716228eb48a102,
        type: 3}
      propertyPath: m_LocalRotation.y
      value: -0
      objectReference: {fileID: 0}
    - target: {fileID: 6473283072780214093, guid: f3cdfc8071f109441a716228eb48a102,
        type: 3}
      propertyPath: m_LocalRotation.z
      value: -0.99346167
      objectReference: {fileID: 0}
    - target: {fileID: 6473283072780214093, guid: f3cdfc8071f109441a716228eb48a102,
        type: 3}
      propertyPath: m_LocalEulerAnglesHint.x
      value: 0
      objectReference: {fileID: 0}
    - target: {fileID: 6473283072780214093, guid: f3cdfc8071f109441a716228eb48a102,
        type: 3}
      propertyPath: m_LocalEulerAnglesHint.y
      value: 0
      objectReference: {fileID: 0}
    - target: {fileID: 6473283072780214093, guid: f3cdfc8071f109441a716228eb48a102,
        type: 3}
      propertyPath: m_LocalEulerAnglesHint.z
      value: -193.111
      objectReference: {fileID: 0}
    m_RemovedComponents: []
  m_SourcePrefab: {fileID: 100100000, guid: f3cdfc8071f109441a716228eb48a102, type: 3}
--- !u!4 &4035494013357190420 stripped
Transform:
  m_CorrespondingSourceObject: {fileID: 6473283072780214093, guid: f3cdfc8071f109441a716228eb48a102,
    type: 3}
  m_PrefabInstance: {fileID: 7049625200522162777}
  m_PrefabAsset: {fileID: 0}
--- !u!1001 &7415404497265146020
PrefabInstance:
  m_ObjectHideFlags: 0
  serializedVersion: 2
  m_Modification:
    m_TransformParent: {fileID: 6339553015997891484}
    m_Modifications:
    - target: {fileID: 114193975173478760, guid: f3cdfc8071f109441a716228eb48a102,
        type: 3}
      propertyPath: maxSpeed
      value: 20
      objectReference: {fileID: 0}
    - target: {fileID: 1446907260284548272, guid: f3cdfc8071f109441a716228eb48a102,
        type: 3}
      propertyPath: m_Name
      value: Space rock 4 (d-denim) (7)
      objectReference: {fileID: 0}
    - target: {fileID: 1446907260284548272, guid: f3cdfc8071f109441a716228eb48a102,
        type: 3}
      propertyPath: m_Layer
      value: 9
      objectReference: {fileID: 0}
    - target: {fileID: 1446907260284548272, guid: f3cdfc8071f109441a716228eb48a102,
        type: 3}
      propertyPath: m_IsActive
      value: 1
      objectReference: {fileID: 0}
    - target: {fileID: 6065511765197499601, guid: f3cdfc8071f109441a716228eb48a102,
        type: 3}
      propertyPath: m_SortingOrder
      value: 50
      objectReference: {fileID: 0}
    - target: {fileID: 6473283072780214093, guid: f3cdfc8071f109441a716228eb48a102,
        type: 3}
      propertyPath: m_RootOrder
      value: 12
      objectReference: {fileID: 0}
    - target: {fileID: 6473283072780214093, guid: f3cdfc8071f109441a716228eb48a102,
        type: 3}
      propertyPath: m_LocalScale.x
      value: 32.00003
      objectReference: {fileID: 0}
    - target: {fileID: 6473283072780214093, guid: f3cdfc8071f109441a716228eb48a102,
        type: 3}
      propertyPath: m_LocalScale.y
      value: 32.00003
      objectReference: {fileID: 0}
    - target: {fileID: 6473283072780214093, guid: f3cdfc8071f109441a716228eb48a102,
        type: 3}
      propertyPath: m_LocalPosition.x
      value: -170
      objectReference: {fileID: 0}
    - target: {fileID: 6473283072780214093, guid: f3cdfc8071f109441a716228eb48a102,
        type: 3}
      propertyPath: m_LocalPosition.y
      value: -159
      objectReference: {fileID: 0}
    - target: {fileID: 6473283072780214093, guid: f3cdfc8071f109441a716228eb48a102,
        type: 3}
      propertyPath: m_LocalPosition.z
      value: 0
      objectReference: {fileID: 0}
    - target: {fileID: 6473283072780214093, guid: f3cdfc8071f109441a716228eb48a102,
        type: 3}
      propertyPath: m_LocalRotation.w
      value: 0.92976415
      objectReference: {fileID: 0}
    - target: {fileID: 6473283072780214093, guid: f3cdfc8071f109441a716228eb48a102,
        type: 3}
      propertyPath: m_LocalRotation.x
      value: -0
      objectReference: {fileID: 0}
    - target: {fileID: 6473283072780214093, guid: f3cdfc8071f109441a716228eb48a102,
        type: 3}
      propertyPath: m_LocalRotation.y
      value: -0
      objectReference: {fileID: 0}
    - target: {fileID: 6473283072780214093, guid: f3cdfc8071f109441a716228eb48a102,
        type: 3}
      propertyPath: m_LocalRotation.z
      value: 0.36815572
      objectReference: {fileID: 0}
    - target: {fileID: 6473283072780214093, guid: f3cdfc8071f109441a716228eb48a102,
        type: 3}
      propertyPath: m_LocalEulerAnglesHint.x
      value: 0
      objectReference: {fileID: 0}
    - target: {fileID: 6473283072780214093, guid: f3cdfc8071f109441a716228eb48a102,
        type: 3}
      propertyPath: m_LocalEulerAnglesHint.y
      value: 0
      objectReference: {fileID: 0}
    - target: {fileID: 6473283072780214093, guid: f3cdfc8071f109441a716228eb48a102,
        type: 3}
      propertyPath: m_LocalEulerAnglesHint.z
      value: 43.204
      objectReference: {fileID: 0}
    m_RemovedComponents: []
  m_SourcePrefab: {fileID: 100100000, guid: f3cdfc8071f109441a716228eb48a102, type: 3}
--- !u!4 &4556930006215796713 stripped
Transform:
  m_CorrespondingSourceObject: {fileID: 6473283072780214093, guid: f3cdfc8071f109441a716228eb48a102,
    type: 3}
  m_PrefabInstance: {fileID: 7415404497265146020}
  m_PrefabAsset: {fileID: 0}
--- !u!1001 &8796126560627151678
PrefabInstance:
  m_ObjectHideFlags: 0
  serializedVersion: 2
  m_Modification:
    m_TransformParent: {fileID: 6339553015997891484}
    m_Modifications:
    - target: {fileID: 114088004195395346, guid: beaf3201d6c4fa74f81e73a2b11b9d51,
        type: 3}
      propertyPath: maxSpeed
      value: 20
      objectReference: {fileID: 0}
    - target: {fileID: 1964266628389017592, guid: beaf3201d6c4fa74f81e73a2b11b9d51,
        type: 3}
      propertyPath: m_Name
      value: Space rock 1 (d-denim)
      objectReference: {fileID: 0}
    - target: {fileID: 1964266628389017592, guid: beaf3201d6c4fa74f81e73a2b11b9d51,
        type: 3}
      propertyPath: m_Layer
      value: 9
      objectReference: {fileID: 0}
    - target: {fileID: 1964266628389017592, guid: beaf3201d6c4fa74f81e73a2b11b9d51,
        type: 3}
      propertyPath: m_IsActive
      value: 1
      objectReference: {fileID: 0}
    - target: {fileID: 3827831600843583106, guid: beaf3201d6c4fa74f81e73a2b11b9d51,
        type: 3}
      propertyPath: m_RootOrder
      value: 0
      objectReference: {fileID: 0}
    - target: {fileID: 3827831600843583106, guid: beaf3201d6c4fa74f81e73a2b11b9d51,
        type: 3}
      propertyPath: m_LocalScale.x
      value: 35
      objectReference: {fileID: 0}
    - target: {fileID: 3827831600843583106, guid: beaf3201d6c4fa74f81e73a2b11b9d51,
        type: 3}
      propertyPath: m_LocalScale.y
      value: 35
      objectReference: {fileID: 0}
    - target: {fileID: 3827831600843583106, guid: beaf3201d6c4fa74f81e73a2b11b9d51,
        type: 3}
      propertyPath: m_LocalPosition.x
      value: 248
      objectReference: {fileID: 0}
    - target: {fileID: 3827831600843583106, guid: beaf3201d6c4fa74f81e73a2b11b9d51,
        type: 3}
      propertyPath: m_LocalPosition.y
      value: 172
      objectReference: {fileID: 0}
    - target: {fileID: 3827831600843583106, guid: beaf3201d6c4fa74f81e73a2b11b9d51,
        type: 3}
      propertyPath: m_LocalPosition.z
      value: 0
      objectReference: {fileID: 0}
    - target: {fileID: 3827831600843583106, guid: beaf3201d6c4fa74f81e73a2b11b9d51,
        type: 3}
      propertyPath: m_LocalRotation.w
      value: -0.08307731
      objectReference: {fileID: 0}
    - target: {fileID: 3827831600843583106, guid: beaf3201d6c4fa74f81e73a2b11b9d51,
        type: 3}
      propertyPath: m_LocalRotation.x
      value: -0
      objectReference: {fileID: 0}
    - target: {fileID: 3827831600843583106, guid: beaf3201d6c4fa74f81e73a2b11b9d51,
        type: 3}
      propertyPath: m_LocalRotation.y
      value: -0
      objectReference: {fileID: 0}
    - target: {fileID: 3827831600843583106, guid: beaf3201d6c4fa74f81e73a2b11b9d51,
        type: 3}
      propertyPath: m_LocalRotation.z
      value: 0.9965431
      objectReference: {fileID: 0}
    - target: {fileID: 3827831600843583106, guid: beaf3201d6c4fa74f81e73a2b11b9d51,
        type: 3}
      propertyPath: m_LocalEulerAnglesHint.x
      value: 0
      objectReference: {fileID: 0}
    - target: {fileID: 3827831600843583106, guid: beaf3201d6c4fa74f81e73a2b11b9d51,
        type: 3}
      propertyPath: m_LocalEulerAnglesHint.y
      value: 0
      objectReference: {fileID: 0}
    - target: {fileID: 3827831600843583106, guid: beaf3201d6c4fa74f81e73a2b11b9d51,
        type: 3}
      propertyPath: m_LocalEulerAnglesHint.z
      value: 189.531
      objectReference: {fileID: 0}
    - target: {fileID: 7264785441080188779, guid: beaf3201d6c4fa74f81e73a2b11b9d51,
        type: 3}
      propertyPath: m_SortingOrder
      value: 50
      objectReference: {fileID: 0}
    m_RemovedComponents: []
  m_SourcePrefab: {fileID: 100100000, guid: beaf3201d6c4fa74f81e73a2b11b9d51, type: 3}
--- !u!4 &5696259748501175740 stripped
Transform:
  m_CorrespondingSourceObject: {fileID: 3827831600843583106, guid: beaf3201d6c4fa74f81e73a2b11b9d51,
    type: 3}
  m_PrefabInstance: {fileID: 8796126560627151678}
  m_PrefabAsset: {fileID: 0}
